@techreport{j23:2013,
title   = {The 23rd Annual Vojtěch Jarník International Mathematical Competition},
type    = {Category II},
address = {Ostrava},
year    = {2013},
month   = {April},
day     = {12}
}

@techreport{aops:1983,
author  = {The Art Of Problem Solving},
title   = {1983 AIME Problems / Problem 13},
type    = {Answer Key},
year    = {2024}
}
