@techreport{aops:1983,
author  = {The Art Of Problem Solving},
title   = {1983 AIME Problems / Problem 13},
type    = {Answer Key},
year    = {2024}
}
